2032 3002
925 111 1157 162 LIBER
1193 106 1197 110 ’

245 195 456 253 emminus
467 192 640 258 quidem
653 190 875 258 glebiszces
900 190 1095 238 itibuszac
1106 189 1509 255 lutotinterdunuqfi
1517 189 1732 242 irritantur
1749 198 1838 242 utri

240 276 334 323 que
345 259 612 304 animizetiam
626 254 853 317 lapidibus.
897 257 1111 301 omminus
1123 270 1228 300 uero
1239 255 1741 319 pugniszcaestuzinuolatu
1752 260 1835 306 tim

248 320 371 385 pulsu
381 335 430 367 ut
439 321 491 366 de
500 334 652 384 aggere
663 318 825 364 hostem
836 316 1036 363 defendit
1045 317 1247 362 alterutro
1259 332 1332 363 aut
1343 318 1386 362 in
1397 314 1542 364 fossam
1551 322 1676 365 autin
1689 321 1835 369 hortu.

238 388 347 431 vitem
359 397 595 446 raptutnam
606 380 769 426 adiecta
779 396 909 426 manu
920 394 994 427 aut
1004 378 1183 443 capillos
1194 393 1268 425 aut
1278 378 1434 425 collare
1444 382 1656 443 capientes
1667 384 1838 445 rapiunt

245 446 410 494 hostem
423 447 465 491 in
476 442 786 508 humum-Necp
798 442 953 489 filendo
964 458 1114 488 manus
1124 441 1326 488 eiusmodi
1338 441 1638 489 conseruntased
1648 460 1745 490 cum
1765 445 1832 492 cla

243 525 364 556 more
374 521 611 572 pugnantes
623 504 974 570 magnoesuosque
985 506 1148 568 quique
1158 504 1620 568 hortantes.aliquando
1631 522 1735 552 uero
1747 522 1834 568 piu

241 587 325 636 gna
339 586 465 633 aequo
477 582 607 615 marte
618 566 982 631 soluiturtplaerfiq3
993 565 1047 613 ab
1058 568 1185 613 altera
1197 568 1376 613 uictoria
1386 566 1446 612 est
1457 600 1469 612 .
1480 565 1569 615 Sed
1578 582 1669 614 tum
1681 565 1834 615 uident

242 647 312 680 tut
323 632 574 696 fugientium
586 631 773 677 cadentia
786 629 917 676 multa
927 644 1206 693 corporaaeatq3
1216 627 1360 691 paffi'm
1372 628 1451 675 alia
1461 629 1580 692 super
1589 630 1669 676 alia
1681 630 1832 677 corrue

242 694 449 758 tia.aliqui
458 694 688 757 quinetiam
701 694 981 756 capiunturzin
993 707 1105 755 quos
1118 706 1201 756 atq3
1211 691 1443 754 prostratos
1453 694 1609 757 pugnis
1621 708 1830 756 quantum

241 755 775 804 lubetzsaeuiturJnterdum
786 754 994 820 fugientes
1004 753 1158 800 refecta
1169 755 1258 800 acie
1266 754 1453 818 additoq3
1464 760 1609 800 animo
1621 755 1830 803 conuettfi

240 834 311 866 tur
320 820 535 866 aduersum
547 820 764 865 uincentes
773 831 859 864 tam
871 818 1082 864 acriterzut
1092 816 1263 864 illorum
1273 816 1479 880 impetum
1491 816 1832 881 sustineantzpetae·

236 881 635 946 fringantzcogantq3
643 896 722 927 eos
734 882 858 926 etiam
871 894 986 946 terga
996 881 1094 925 dare
1105 893 1189 943 atq3
1199 878 1369 924 reddere
1378 881 1515 925 uicem
1536 895 1664 943 poene
1676 912 1688 926 .
1698 882 1830 927 inter»

236 945 342 991 dum
355 945 481 990 uic'tis
492 942 607 990 nulla
618 943 713 1007 spes
722 942 905 989 reficie'di
915 943 1047 989 aciem
1059 941 1361 1005 κώπᾳ-απτ
1371 956 1534 1004 quanto
1558 943 1744 988 maximo
1755 957 1832 989 cur

239 1007 283 1054 su
293 1004 462 1070 poffunt
472 1023 485 1053 ε
496 1005 687 1070 fugiuntz
697 1009 837 1053 uictor
853 1021 959 1052 uero
978 1005 1127 1051 acriter
1146 1003 1268 1050 instat
1288 1004 1498 1067 sequendo
1518 1003 1703 1067 adusque
1722 1020 1832 1068 pora

238 1083 326 1115 tam
340 1068 699 1131 aduersamtquam
711 1067 904 1114 claudere
913 1083 1045 1132 quoq3
1055 1066 1286 1130 aliquando
1296 1083 1348 1111 co
1410 1069 1598 1130 nturzqui
1608 1069 1711 1113 nisti
1723 1068 1830 1115 sunt·

238 1130 446 1177 Victores
456 1147 561 1177 uero
571 1144 660 1177 tum
673 1129 802 1176 uerba
813 1143 983 1176 cantant
1003 1131 1214 1175 incontem
1219 1142 1341 1192 ptum
1373 1129 1577 1193 ugietium
1588 1128 1827 1194 iclusorfiq3.

239 1191 329 1240 Sed
339 1206 480 1239 tamen
489 1193 576 1238 hoc
586 1209 674 1238 non
682 1192 756 1239 diu
776 1192 874 1238 licet
883 1209 905 1238 a
908 1190 1212 1257 gere.Nanque
1224 1207 1372 1237 omnes
1382 1192 1548 1238 uiciniae
1558 1205 1648 1238 tum
1663 1191 1827 1256 colligfi

235 1269 371 1302 turtac
380 1269 523 1318 aperta
535 1268 658 1317 porta
669 1255 714 1301 in
722 1257 947 1317 pauciores
956 1257 1303 1317 incurruntzquos
1312 1252 1648 1317 superanttprofli
1681 1268 1768 1302 ant:
1777 1271 1828 1300 ac

234 1319 278 1364 in
290 1316 434 1381 fugam
446 1317 980 1364 retrouertunttinsecuntur
990 1315 1036 1364 fu
1068 1331 1162 1362 atos
1173 1317 1310 1379 adusq3
1322 1331 1489 1379 portam
1511 1317 1638 1363 aduer
1655 1333 1726 1362 um
1741 1348 1753 1362 .
1764 1316 1826 1363 Ea

232 1396 362 1443 prore
370 1396 467 1425 raro
478 1379 694 1425 uincentes
705 1377 847 1442 adusq3
859 1395 1027 1441 portam
1057 1381 1267 1443 ugientem
1278 1378 1526 1425 insecuntur.
1541 1379 1591 1425 In
1612 1378 1719 1426 hisce
1735 1395 1831 1426 cew

233 1441 466 1488 taminibus
475 1441 535 1486 fre
570 1454 715 1487 uenter
726 1458 786 1503 pu
818 1455 918 1486 nant
928 1441 1209 1487 adolescentes
1228 1455 1330 1486 natu
1352 1441 1596 1503 quindecim
1617 1458 1825 1488 annorum

231 1503 508 1567 pluriumque
519 1457 602 1566 ucl'q3
613 1503 748 1549 ad.xx.
802 1518 1061 1549 erumtamen
1071 1505 1270 1566 utrinque
1280 1507 1456 1549 ueniunt
1464 1503 1692 1566 spectatum
1705 1508 1737 1570 ᾗ
1748 1504 1826 1566 plu

233 1567 331 1613 rimi
341 1580 442 1611 natu
454 1566 537 1610 mai
541 1580 836 1627 ores.quorum
849 1566 1025 1627 quisque
1039 1565 1118 1612 suis
1129 1564 1343 1628 fauetxatq3
1357 1581 1460 1627 qum
1472 1581 1559 1611 rem
1571 1566 1773 1611 inclinata
1784 1567 1830 1612 ui

233 1628 499 1674 denttineunt
507 1628 753 1690 pugnam.in
765 1641 857 1689 quo
866 1626 973 1671 adeo
983 1626 1221 1690 turgescunt
1230 1627 1439 1672 interdum
1459 1628 1734 1690 spectantium
1757 1627 1827 1674 ahi

232 1690 357 1736 mizut
367 1695 492 1736 etiam
504 1689 618 1734 senes
628 1687 732 1733 nihil
744 1688 963 1749 pudeatzin
973 1690 1105 1734 aciem
1123 1705 1215 1734 eam
1228 1689 1535 1736 descenderetac
1546 1690 1584 1736 se
1603 1707 1662 1754 pu
1666 1691 1762 1754 gnis
1774 1708 1829 1738 ue

235 1753 456 1809 hementer
467 1750 742 1798 contundere.
752 1750 879 1796 Hora
891 1767 996 1798 uero
1004 1767 1161 1816 pugnae
1171 1751 1495 1814 postmeridiana
1507 1753 1631 1799 datur
1641 1786 1652 1798 .
1664 1753 1826 1817 Neque

234 1829 387 1860 omnes
400 1812 680 1859 adolescentes
691 1813 808 1859 ciues
817 1829 872 1858 ue
882 1814 935 1858 ad
948 1814 1058 1859 hanc
1079 1814 1237 1876 semper
1257 1829 1446 1878 pugnam
1468 1814 1725 1862 descendunt
1737 1849 1747 1861 .
1758 1816 1824 1862 sed

234 1873 559 1940 frequentiflime
568 1873 933 1938 plebeizinterdum
946 1877 1071 1921 etiam
1083 1877 1269 1939 primarii
1281 1907 1293 1921 .
1304 1877 1452 1940 Longe
1462 1892 1603 1922 autem
1625 1877 1826 1952 frequenae

234 1941 321 1984 tius
331 1943 346 1983 i
357 1954 509 2003 aggere
519 1942 780 2003 pugnatun}
789 1938 831 1981 in
843 1935 1096 2000 urbemque
1107 1951 1155 1983 ut
1166 1936 1360 1984 rariffi‘me
1369 1952 1550 1985 certatur
1562 1941 1669 1985 inter
1687 1943 1825 1986 Lorte

232 2000 416 2047 fellanos
429 1998 908 2063 Samuelitanosquezita
919 1998 1181 2045 creberrimae
1191 2001 1471 2063 maximaeque
1481 2017 1638 2065 pugnae
1648 2004 1824 2049 commit

227 2073 383 2109 ‘tuntut
393 2063 500 2107 inter
510 2062 801 2108 Vicancianos
811 2067 853 2106 &l
864 2059 1244 2108 Cortefellanoan
1253 2077 1345 2125 quo
1361 2062 1465 2110 illud
1478 2065 1657 2110 maxime
1667 2066 1820 2112 mirum

230 2125 330 2183 licet
339 2124 523 2188 spectare
533 2155 544 2170 .
555 2140 723 2187 nanque
744 2129 787 2170 &c
808 2122 835 2168 ss
846 2123 1013 2186 uespere
1023 2140 1167 2189 pugna
1179 2126 1358 2170 maxima
1369 2139 1604 2190 pugnatum
1617 2126 1824 2190 fitzpostea

232 2203 278 2234 ra
289 2202 437 2233 omnes
449 2187 572 2237 amici
584 2186 922 2233 consuetudinem
934 2187 1155 2251 aguntzqui
1166 2186 1356 2234 hesterna
1367 2202 1569 2252 tanquam
1589 2189 1732 2235 hostes
1753 2192 1823 2236 ιίν

232 2263 296 2296 ter
306 2248 347 2296 se
358 2247 875 2311 concurretanttsimulque
884 2250 1065 2294 ridentes
1075 2250 1240 2313 egregie
1251 2248 1362 2295 facta
1371 2250 1591 2299 recensentz
1601 2267 1650 2297 ac
1660 2251 1821 2299 ualidio

231 2328 300 2359 res
309 2312 652 2359 laudanturzuisti
662 2326 766 2357 uero
777 2326 903 2374 aequo
913 2312 1056 2357 animo
1065 2310 1277 2357 fortunam
1290 2310 1534 2360 ferunt.Hic
1557 2315 1572 2358 i
1571 2313 1640 2376 pse
1650 2330 1747 2361 mos
1759 2315 1816 2362 ab

235 2377 409 2439 antiqua
418 2372 638 2437 profectus
649 2373 727 2420 esse
737 2374 904 2420 uidetur
914 2372 1321 2421 institutione.Prisca
1332 2377 1443 2422 enim
1453 2375 1524 2422 illa
1534 2390 1635 2422 aetas
1646 2378 1762 2423 omni
1771 2394 1819 2425 ra

232 2438 419 2500 ti6exqua
431 2435 793 2500 potuiffetzconata
804 2437 978 2483 iuuenes
987 2437 1039 2483 ad
1050 2435 1162 2483 bella
1171 2453 1220 2482 ac
1231 2453 1398 2502 pugnas
1407 2439 1821 2503 euocabatzpatabatz
1833 2468 1843 2473 κ

236 2498 592 2546 instruebat.Haec
600 2500 711 2545 enim
721 2500 865 2563 imago
875 2500 1215 2563 praeludiumque
1225 2499 1442 2564 quoddam
1453 2501 1511 2547 est
1519 2501 1581 2547 illi
1583 2518 1649 2549 use
1663 2518 1819 2565 quaear

237 2562 320 2607 mis
330 2577 473 2626 pugna
483 2560 593 2608 certa
605 2562 964 2612 committitu10Ex
975 2579 1065 2626 quo
1076 2561 1184 2609 fides
1194 2579 1284 2626 quo
1318 2580 1373 2611 ue
1393 2562 1518 2610 nobis
1539 2567 1674 2611 maior
1691 2565 1820 2612 sumiae

229 2635 404 2669 turenon
415 2639 589 2686 paruam
600 2622 717 2671 fuisse
729 2640 872 2672 curam
883 2627 983 2672 artis
993 2623 1184 2671 militaris
1194 2578 1477 2690 apudpriscos
1488 2626 1704 2677 Nolanosz
1713 2628 1814 2676 uelu

227 2690 264 2731 ti
273 2684 554 2750 superioribus
564 2686 669 2751 saepe
679 2687 763 2736 iam
774 2688 1006 2738 monstratu
1015 2688 1141 2736 etiam
1151 2688 1225 2740 est·
