<?xml version="1.0" encoding="UTF-8"?>
<!DOCTYPE html PUBLIC "-//W3C//DTD XHTML 1.0 Transitional//EN"
    "http://www.w3.org/TR/xhtml1/DTD/xhtml1-transitional.dtd">
<html xmlns="http://www.w3.org/1999/xhtml" xml:lang="en" lang="en">
 <head>
  <title>
</title>
<meta http-equiv="Content-Type" content="text/html;charset=utf-8" />
  <meta name='ocr-system' content='tesseract 3.04.00' />
  <meta name='ocr-capabilities' content='ocr_page ocr_carea ocr_par ocr_line ocrx_word'/>
</head>
<body>
  <div class='ocr_page' id='page_1' title='image "./denolaopusculumd00leon_0127.png"; bbox 0 0 2032 3002; ppageno 0'>
   <div class='ocr_carea' id='block_1_1' title="bbox 205 108 1800 2669">
    <p class='ocr_par' dir='ltr' id='par_1_1' title="bbox 205 108 1800 2669">
     <span class='ocr_line' id='line_1_1' title="bbox 793 108 1700 173; baseline 0.011 -12"><span class='ocrx_word' id='word_1_1' title='bbox 793 108 1155 163; x_wconf 38' lang='lat' dir='ltr'>TERTIVS*</span> <span class='ocrx_word' id='word_1_2' title='bbox 1640 117 1700 173; x_wconf 77' lang='lat' dir='ltr'>lv</span> 
     </span>
     <span class='ocr_line' id='line_1_2' title="bbox 215 185 1797 260; baseline -0.001 -20"><span class='ocrx_word' id='word_1_3' title='bbox 215 185 564 260; x_wconf 72' lang='lat' dir='ltr'>diximustgerunt</span> <span class='ocrx_word' id='word_1_4' title='bbox 573 190 831 258; x_wconf 64' lang='lat' dir='ltr'>erectaszatcp</span> <span class='ocrx_word' id='word_1_5' title='bbox 840 210 939 240; x_wconf 89' lang='lat' dir='ltr'>cum</span> <span class='ocrx_word' id='word_1_6' title='bbox 950 191 1178 239; x_wconf 77' lang='lat' dir='ltr'>comitibus</span> <span class='ocrx_word' id='word_1_7' title='bbox 1186 186 1278 237; x_wconf 87' lang='lat' dir='ltr'>aliis</span> <span class='ocrx_word' id='word_1_8' title='bbox 1289 190 1342 238; x_wconf 86' lang='lat' dir='ltr'>ad</span> <span class='ocrx_word' id='word_1_9' title='bbox 1354 190 1606 241; x_wconf 86' lang='lat' dir='ltr'>curriculum</span> <span class='ocrx_word' id='word_1_10' title='bbox 1626 195 1797 259; x_wconf 69' lang='lat' dir='ltr'>speetu</span> 
     </span>
     <span class='ocr_line' id='line_1_3' title="bbox 216 254 1793 321; baseline 0.003 -20"><span class='ocrx_word' id='word_1_11' title='bbox 216 254 403 320; x_wconf 78' lang='lat' dir='ltr'>eulumq3</span> <span class='ocrx_word' id='word_1_12' title='bbox 412 258 531 321; x_wconf 88' lang='lat' dir='ltr'>graui</span> <span class='ocrx_word' id='word_1_13' title='bbox 542 254 693 303; x_wconf 75' lang='lat' dir='ltr'>incessu</span> <span class='ocrx_word' id='word_1_14' title='bbox 704 254 1080 304; x_wconf 69' lang='lat' dir='ltr'>deueniulocorum</span> <span class='ocrx_word' id='word_1_15' title='bbox 1090 269 1196 300; x_wconf 87' lang='lat' dir='ltr'>ueto</span> <span class='ocrx_word' id='word_1_16' title='bbox 1206 255 1443 301; x_wconf 80' lang='lat' dir='ltr'>certaminis</span> <span class='ocrx_word' id='word_1_17' title='bbox 1451 255 1580 303; x_wconf 82' lang='lat' dir='ltr'>huius</span> <span class='ocrx_word' id='word_1_18' title='bbox 1590 256 1695 304; x_wconf 89' lang='lat' dir='ltr'>alter</span> <span class='ocrx_word' id='word_1_19' title='bbox 1712 276 1793 305; x_wconf 64' lang='lat' dir='ltr'>exa</span> 
     </span>
     <span class='ocr_line' id='line_1_4' title="bbox 212 315 1792 381; baseline 0.003 -18"><span class='ocrx_word' id='word_1_20' title='bbox 212 325 277 363; x_wconf 65' lang='lat' dir='ltr'>era</span> <span class='ocrx_word' id='word_1_21' title='bbox 289 316 436 365; x_wconf 89' lang='lat' dir='ltr'>urbem</span> <span class='ocrx_word' id='word_1_22' title='bbox 446 319 557 365; x_wconf 90' lang='lat' dir='ltr'>estin</span> <span class='ocrx_word' id='word_1_23' title='bbox 567 318 664 365; x_wconf 86' lang='lat' dir='ltr'>foro</span> <span class='ocrx_word' id='word_1_24' title='bbox 675 317 947 365; x_wconf 68' lang='lat' dir='ltr'>Boarioxalter</span> <span class='ocrx_word' id='word_1_25' title='bbox 957 322 1035 364; x_wconf 81' lang='lat' dir='ltr'>itta</span> <span class='ocrx_word' id='word_1_26' title='bbox 1044 315 1192 364; x_wconf 89' lang='lat' dir='ltr'>urbem</span> <span class='ocrx_word' id='word_1_27' title='bbox 1204 330 1287 381; x_wconf 84' lang='lat' dir='ltr'>atq3</span> <span class='ocrx_word' id='word_1_28' title='bbox 1298 318 1343 363; x_wconf 90' lang='lat' dir='ltr'>in</span> <span class='ocrx_word' id='word_1_29' title='bbox 1352 333 1400 364; x_wconf 87' lang='lat' dir='ltr'>ea</span> <span class='ocrx_word' id='word_1_30' title='bbox 1410 319 1480 364; x_wconf 87' lang='lat' dir='ltr'>uia</span> <span class='ocrx_word' id='word_1_31' title='bbox 1489 333 1504 365; x_wconf 74' lang='grc' dir='ltr'><strong><em>ε</em></strong></span> <span class='ocrx_word' id='word_1_32' title='bbox 1514 334 1610 381; x_wconf 78' lang='lat' dir='ltr'>quae</span> <span class='ocrx_word' id='word_1_33' title='bbox 1621 337 1644 366; x_wconf 90' lang='lat' dir='ltr'>a</span> <span class='ocrx_word' id='word_1_34' title='bbox 1662 320 1792 367; x_wconf 62' lang='lat' dir='ltr'>sacelae</span> 
     </span>
     <span class='ocr_line' id='line_1_5' title="bbox 212 377 1795 442; baseline 0.003 -17"><span class='ocrx_word' id='word_1_35' title='bbox 212 379 261 425; x_wconf 83' lang='lat' dir='ltr'>lo</span> <span class='ocrx_word' id='word_1_36' title='bbox 271 377 437 427; x_wconf 78' lang='lat' dir='ltr'>Paulini</span> <span class='ocrx_word' id='word_1_37' title='bbox 447 380 587 428; x_wconf 79' lang='lat' dir='ltr'>uersus</span> <span class='ocrx_word' id='word_1_38' title='bbox 595 381 712 428; x_wconf 65' lang='lat' dir='ltr'>turre</span> <span class='ocrx_word' id='word_1_39' title='bbox 722 379 819 427; x_wconf 88' lang='lat' dir='ltr'>Scri</span> <span class='ocrx_word' id='word_1_40' title='bbox 848 382 1005 441; x_wconf 65' lang='lat' dir='ltr'>nariorjz</span> <span class='ocrx_word' id='word_1_41' title='bbox 1015 380 1301 442; x_wconf 85' lang='lat' dir='ltr'>procurrit.est</span> <span class='ocrx_word' id='word_1_42' title='bbox 1309 381 1419 425; x_wconf 91' lang='lat' dir='ltr'>enim</span> <span class='ocrx_word' id='word_1_43' title='bbox 1431 396 1498 425; x_wconf 89' lang='lat' dir='ltr'>am</span> <span class='ocrx_word' id='word_1_44' title='bbox 1532 382 1714 429; x_wconf 67' lang='lat' dir='ltr'>laarectaa</span> <span class='ocrx_word' id='word_1_45' title='bbox 1746 383 1795 430; x_wconf 38' lang='lat' dir='ltr'>la*</span> 
     </span>
     <span class='ocr_line' id='line_1_6' title="bbox 213 395 1789 506; baseline 0.003 -19"><span class='ocrx_word' id='word_1_46' title='bbox 213 444 447 504; x_wconf 68' lang='lat' dir='ltr'>naq32cuius</span> <span class='ocrx_word' id='word_1_47' title='bbox 455 443 587 490; x_wconf 86' lang='lat' dir='ltr'>solum</span> <span class='ocrx_word' id='word_1_48' title='bbox 597 460 684 489; x_wconf 92' lang='lat' dir='ltr'>non</span> <span class='ocrx_word' id='word_1_49' title='bbox 693 395 903 488; x_wconf 53' lang='lat' dir='ltr'>coenofiim</span> <span class='ocrx_word' id='word_1_50' title='bbox 915 441 1081 506; x_wconf 66' lang='lat' dir='ltr'>estzneq3</span> <span class='ocrx_word' id='word_1_51' title='bbox 1098 441 1207 487; x_wconf 83' lang='lat' dir='ltr'>filice</span> <span class='ocrx_word' id='word_1_52' title='bbox 1218 442 1404 490; x_wconf 84' lang='lat' dir='ltr'>stratum.</span> <span class='ocrx_word' id='word_1_53' title='bbox 1413 440 1476 491; x_wconf 87' lang='lat' dir='ltr'>Se</span> <span class='ocrx_word' id='word_1_54' title='bbox 1513 444 1625 489; x_wconf 68' lang='lat' dir='ltr'>tame</span> <span class='ocrx_word' id='word_1_55' title='bbox 1635 458 1683 490; x_wconf 93' lang='lat' dir='ltr'>ut</span> <span class='ocrx_word' id='word_1_56' title='bbox 1691 400 1789 491; x_wconf 52' lang='lat' dir='ltr'>{foa</span> 
     </span>
     <span class='ocr_line' id='line_1_7' title="bbox 213 501 1797 571; baseline 0.003 -20"><span class='ocrx_word' id='word_1_57' title='bbox 213 520 266 551; x_wconf 82' lang='lat' dir='ltr'>ro</span> <span class='ocrx_word' id='word_1_58' title='bbox 274 506 429 551; x_wconf 82' lang='lat' dir='ltr'>Boario</span> <span class='ocrx_word' id='word_1_59' title='bbox 449 504 642 552; x_wconf 83' lang='lat' dir='ltr'>ratiffime</span> <span class='ocrx_word' id='word_1_60' title='bbox 652 503 703 550; x_wconf 88' lang='lat' dir='ltr'>fit</span> <span class='ocrx_word' id='word_1_61' title='bbox 713 501 1011 552; x_wconf 63' lang='lat' dir='ltr'>conflictuszita</span> <span class='ocrx_word' id='word_1_62' title='bbox 1021 505 1107 550; x_wconf 90' lang='lat' dir='ltr'>hoc</span> <span class='ocrx_word' id='word_1_63' title='bbox 1119 505 1162 549; x_wconf 91' lang='lat' dir='ltr'>in</span> <span class='ocrx_word' id='word_1_64' title='bbox 1176 503 1275 550; x_wconf 90' lang='lat' dir='ltr'>loco</span> <span class='ocrx_word' id='word_1_65' title='bbox 1295 502 1618 568; x_wconf 72' lang='lat' dir='ltr'>frequenu‘flime</span> <span class='ocrx_word' id='word_1_66' title='bbox 1636 508 1797 571; x_wconf 60' lang='lat' dir='ltr'>agitur.»</span> 
     </span>
     <span class='ocr_line' id='line_1_8' title="bbox 212 565 1790 633; baseline 0.002 -21"><span class='ocrx_word' id='word_1_67' title='bbox 212 565 266 612; x_wconf 86' lang='lat' dir='ltr'>In</span> <span class='ocrx_word' id='word_1_68' title='bbox 279 568 359 614; x_wconf 87' lang='lat' dir='ltr'>hac</span> <span class='ocrx_word' id='word_1_69' title='bbox 367 581 508 614; x_wconf 87' lang='lat' dir='ltr'>autem</span> <span class='ocrx_word' id='word_1_70' title='bbox 520 569 589 614; x_wconf 89' lang='lat' dir='ltr'>uia</span> <span class='ocrx_word' id='word_1_71' title='bbox 600 567 735 613; x_wconf 88' lang='lat' dir='ltr'>media</span> <span class='ocrx_word' id='word_1_72' title='bbox 745 567 860 630; x_wconf 84' lang='lat' dir='ltr'>sepes</span> <span class='ocrx_word' id='word_1_73' title='bbox 870 567 1074 613; x_wconf 79' lang='lat' dir='ltr'>extruitur</span> <span class='ocrx_word' id='word_1_74' title='bbox 1094 566 1328 612; x_wconf 77' lang='lat' dir='ltr'>altitudinis</span> <span class='ocrx_word' id='word_1_75' title='bbox 1338 565 1790 633; x_wconf 71' lang='lat' dir='ltr'>sexpedumzlongitudi</span> 
     </span>
     <span class='ocr_line' id='line_1_9' title="bbox 212 627 1791 695; baseline 0.003 -21"><span class='ocrx_word' id='word_1_76' title='bbox 212 630 281 674; x_wconf 85' lang='lat' dir='ltr'>nis</span> <span class='ocrx_word' id='word_1_77' title='bbox 290 645 394 677; x_wconf 88' lang='lat' dir='ltr'>uero</span> <span class='ocrx_word' id='word_1_78' title='bbox 402 627 874 692; x_wconf 76' lang='lat' dir='ltr'>paffuum.xx.contexta</span> <span class='ocrx_word' id='word_1_79' title='bbox 884 646 937 674; x_wconf 89' lang='lat' dir='ltr'>ex</span> <span class='ocrx_word' id='word_1_80' title='bbox 944 629 1115 692; x_wconf 87' lang='lat' dir='ltr'>perticis</span> <span class='ocrx_word' id='word_1_81' title='bbox 1126 627 1327 675; x_wconf 79' lang='lat' dir='ltr'>tenuibus</span> <span class='ocrx_word' id='word_1_82' title='bbox 1339 628 1586 695; x_wconf 79' lang='lat' dir='ltr'>uiridibusq3</span> <span class='ocrx_word' id='word_1_83' title='bbox 1596 644 1681 694; x_wconf 55' lang='grc' dir='ltr'>περ</span> <span class='ocrx_word' id='word_1_84' title='bbox 1691 629 1791 683; x_wconf 73' lang='lat' dir='ltr'>fron</span> 
     </span>
     <span class='ocr_line' id='line_1_10' title="bbox 211 689 1792 758; baseline 0.003 -22"><span class='ocrx_word' id='word_1_85' title='bbox 211 690 322 738; x_wconf 68' lang='lat' dir='ltr'>dosis</span> <span class='ocrx_word' id='word_1_86' title='bbox 329 693 513 753; x_wconf 88' lang='lat' dir='ltr'>primum</span> <span class='ocrx_word' id='word_1_87' title='bbox 525 691 696 755; x_wconf 89' lang='lat' dir='ltr'>quidem</span> <span class='ocrx_word' id='word_1_88' title='bbox 711 692 897 755; x_wconf 82' lang='lat' dir='ltr'>pedatim</span> <span class='ocrx_word' id='word_1_89' title='bbox 908 692 1029 737; x_wconf 87' lang='lat' dir='ltr'>humi</span> <span class='ocrx_word' id='word_1_90' title='bbox 1039 690 1136 736; x_wconf 75' lang='lat' dir='ltr'>fixis</span> <span class='ocrx_word' id='word_1_91' title='bbox 1147 692 1295 737; x_wconf 89' lang='lat' dir='ltr'>deinde</span> <span class='ocrx_word' id='word_1_92' title='bbox 1305 689 1433 738; x_wconf 86' lang='lat' dir='ltr'>altera</span> <span class='ocrx_word' id='word_1_93' title='bbox 1444 692 1625 740; x_wconf 85' lang='lat' dir='ltr'>iclinatis</span> <span class='ocrx_word' id='word_1_94' title='bbox 1634 723 1647 740; x_wconf 84' lang='lat'><strong>.</strong></span> <span class='ocrx_word' id='word_1_95' title='bbox 1655 697 1792 758; x_wconf 77' lang='lat' dir='ltr'>quam</span> 
     </span>
     <span class='ocr_line' id='line_1_11' title="bbox 211 751 1792 816; baseline 0.002 -17"><span class='ocrx_word' id='word_1_96' title='bbox 211 752 338 800; x_wconf 84' lang='lat' dir='ltr'>telam</span> <span class='ocrx_word' id='word_1_97' title='bbox 348 751 805 816; x_wconf 66' lang='lat' dir='ltr'>appellantaeonflistus</span> <span class='ocrx_word' id='word_1_98' title='bbox 815 770 920 800; x_wconf 90' lang='lat' dir='ltr'>uero</span> <span class='ocrx_word' id='word_1_99' title='bbox 930 752 982 799; x_wconf 82' lang='lat' dir='ltr'>fit</span> <span class='ocrx_word' id='word_1_100' title='bbox 990 767 1064 800; x_wconf 88' lang='lat' dir='ltr'>aut</span> <span class='ocrx_word' id='word_1_101' title='bbox 1073 769 1177 816; x_wconf 87' lang='lat' dir='ltr'>qum</span> <span class='ocrx_word' id='word_1_102' title='bbox 1189 754 1278 800; x_wconf 93' lang='lat' dir='ltr'>duo</span> <span class='ocrx_word' id='word_1_103' title='bbox 1289 756 1514 801; x_wconf 82' lang='lat' dir='ltr'>c6currunt</span> <span class='ocrx_word' id='word_1_104' title='bbox 1521 770 1615 802; x_wconf 89' lang='lat' dir='ltr'>uter</span> <span class='ocrx_word' id='word_1_105' title='bbox 1675 755 1731 802; x_wconf 89' lang='lat' dir='ltr'>ab</span> <span class='ocrx_word' id='word_1_106' title='bbox 1747 753 1792 802; x_wconf 76' lang='lat' dir='ltr'>al</span> 
     </span>
     <span class='ocr_line' id='line_1_12' title="bbox 211 815 1794 882; baseline 0.003 -22"><span class='ocrx_word' id='word_1_107' title='bbox 211 828 305 861; x_wconf 85' lang='lat' dir='ltr'>tero</span> <span class='ocrx_word' id='word_1_108' title='bbox 316 817 411 862; x_wconf 86' lang='lat' dir='ltr'>telae</span> <span class='ocrx_word' id='word_1_109' title='bbox 425 832 558 863; x_wconf 89' lang='lat' dir='ltr'>cornu</span> <span class='ocrx_word' id='word_1_110' title='bbox 566 818 688 864; x_wconf 70' lang='lat' dir='ltr'>itazut</span> <span class='ocrx_word' id='word_1_111' title='bbox 697 829 995 862; x_wconf 85' lang='lat' dir='ltr'>concurrentes</span> <span class='ocrx_word' id='word_1_112' title='bbox 1005 815 1087 862; x_wconf 88' lang='lat' dir='ltr'>tela</span> <span class='ocrx_word' id='word_1_113' title='bbox 1097 815 1180 862; x_wconf 89' lang='lat' dir='ltr'>sola</span> <span class='ocrx_word' id='word_1_114' title='bbox 1192 830 1344 863; x_wconf 87' lang='lat' dir='ltr'>mutuo</span> <span class='ocrx_word' id='word_1_115' title='bbox 1354 816 1506 882; x_wconf 88' lang='lat' dir='ltr'>dirigat</span> <span class='ocrx_word' id='word_1_116' title='bbox 1516 831 1601 882; x_wconf 78' lang='lat' dir='ltr'>atq3</span> <span class='ocrx_word' id='word_1_117' title='bbox 1647 817 1794 864; x_wconf 80' lang='lat' dir='ltr'>&#39;scrimi</span> 
     </span>
     <span class='ocr_line' id='line_1_13' title="bbox 210 878 1791 941; baseline 0.002 -18"><span class='ocrx_word' id='word_1_118' title='bbox 210 891 371 926; x_wconf 68' lang='lat' dir='ltr'>netzaut</span> <span class='ocrx_word' id='word_1_119' title='bbox 380 893 484 941; x_wconf 89' lang='lat' dir='ltr'>qum</span> <span class='ocrx_word' id='word_1_120' title='bbox 495 895 643 925; x_wconf 87' lang='lat' dir='ltr'>eorum</span> <span class='ocrx_word' id='word_1_121' title='bbox 654 878 757 925; x_wconf 89' lang='lat' dir='ltr'>alter</span> <span class='ocrx_word' id='word_1_122' title='bbox 766 881 900 925; x_wconf 67' lang='lat' dir='ltr'>ictum</span> <span class='ocrx_word' id='word_1_123' title='bbox 912 879 1069 940; x_wconf 88' lang='lat' dir='ltr'>excipit</span> <span class='ocrx_word' id='word_1_124' title='bbox 1079 882 1308 941; x_wconf 62' lang='lat' dir='ltr'>expectans</span> <span class='ocrx_word' id='word_1_125' title='bbox 1317 880 1361 924; x_wconf 86' lang='lat' dir='ltr'>in</span> <span class='ocrx_word' id='word_1_126' title='bbox 1373 878 1507 925; x_wconf 89' lang='lat' dir='ltr'>altero</span> <span class='ocrx_word' id='word_1_127' title='bbox 1524 895 1659 926; x_wconf 88' lang='lat' dir='ltr'>cornu</span> <span class='ocrx_word' id='word_1_128' title='bbox 1678 878 1791 927; x_wconf 71' lang='lat' dir='ltr'>telaet</span> 
     </span>
     <span class='ocr_line' id='line_1_14' title="bbox 210 938 1793 1004; baseline 0.002 -19"><span class='ocrx_word' id='word_1_129' title='bbox 210 938 316 986; x_wconf 82' lang='lat' dir='ltr'>alter</span> <span class='ocrx_word' id='word_1_130' title='bbox 326 954 431 986; x_wconf 81' lang='lat' dir='ltr'>uero</span> <span class='ocrx_word' id='word_1_131' title='bbox 441 939 628 987; x_wconf 87' lang='lat' dir='ltr'>abaltero</span> <span class='ocrx_word' id='word_1_132' title='bbox 638 941 845 1004; x_wconf 84' lang='lat' dir='ltr'>impetum</span> <span class='ocrx_word' id='word_1_133' title='bbox 855 938 937 987; x_wconf 89' lang='lat' dir='ltr'>faci</span> <span class='ocrx_word' id='word_1_134' title='bbox 942 940 1148 1004; x_wconf 82' lang='lat' dir='ltr'>t.Saepius</span> <span class='ocrx_word' id='word_1_135' title='bbox 1159 942 1270 987; x_wconf 72' lang='lat' dir='ltr'>tame</span> <span class='ocrx_word' id='word_1_136' title='bbox 1280 941 1430 987; x_wconf 88' lang='lat' dir='ltr'>eodem</span> <span class='ocrx_word' id='word_1_137' title='bbox 1442 946 1458 987; x_wconf 84' lang='lat' dir='ltr'>i</span> <span class='ocrx_word' id='word_1_138' title='bbox 1468 940 1710 1004; x_wconf 66' lang='lat' dir='ltr'>spectaculo</span> <span class='ocrx_word' id='word_1_139' title='bbox 1722 941 1793 988; x_wconf 66' lang='lat' dir='ltr'>ide</span> 
     </span>
     <span class='ocr_line' id='line_1_15' title="bbox 209 1001 1794 1067; baseline 0.002 -20"><span class='ocrx_word' id='word_1_140' title='bbox 209 1001 354 1065; x_wconf 80' lang='lat' dir='ltr'>alterq3</span> <span class='ocrx_word' id='word_1_141' title='bbox 365 1001 498 1049; x_wconf 86' lang='lat' dir='ltr'>socius</span> <span class='ocrx_word' id='word_1_142' title='bbox 509 1018 658 1049; x_wconf 89' lang='lat' dir='ltr'>omnes</span> <span class='ocrx_word' id='word_1_143' title='bbox 666 1004 924 1050; x_wconf 86' lang='lat' dir='ltr'>incurrentes</span> <span class='ocrx_word' id='word_1_144' title='bbox 933 1004 1199 1066; x_wconf 72' lang='lat' dir='ltr'>expectando</span> <span class='ocrx_word' id='word_1_145' title='bbox 1210 1004 1711 1067; x_wconf 69' lang='lat' dir='ltr'>excipiunraexpestantes</span> <span class='ocrx_word' id='word_1_146' title='bbox 1720 1017 1794 1051; x_wconf 63' lang='lat' dir='ltr'>tae·</span> 
     </span>
     <span class='ocr_line' id='line_1_16' title="bbox 210 1063 1793 1129; baseline 0.001 -18"><span class='ocrx_word' id='word_1_147' title='bbox 210 1063 362 1111; x_wconf 85' lang='lat' dir='ltr'>bulerii</span> <span class='ocrx_word' id='word_1_148' title='bbox 369 1070 756 1129; x_wconf 68' lang='lat' dir='ltr'>nuncupanturqui</span> <span class='ocrx_word' id='word_1_149' title='bbox 765 1066 854 1113; x_wconf 89' lang='lat' dir='ltr'>duo</span> <span class='ocrx_word' id='word_1_150' title='bbox 864 1067 1074 1112; x_wconf 88' lang='lat' dir='ltr'>interdum</span> <span class='ocrx_word' id='word_1_151' title='bbox 1083 1065 1239 1114; x_wconf 71' lang='lat' dir='ltr'>sunttut</span> <span class='ocrx_word' id='word_1_152' title='bbox 1244 1081 1356 1113; x_wconf 89' lang='lat' dir='ltr'>unus</span> <span class='ocrx_word' id='word_1_153' title='bbox 1365 1081 1512 1112; x_wconf 89' lang='lat' dir='ltr'>eorum</span> <span class='ocrx_word' id='word_1_154' title='bbox 1522 1065 1680 1128; x_wconf 76' lang='lat' dir='ltr'>semper</span> <span class='ocrx_word' id='word_1_155' title='bbox 1691 1065 1738 1110; x_wconf 82' lang='lat' dir='ltr'>iit</span> <span class='ocrx_word' id='word_1_156' title='bbox 1746 1067 1793 1112; x_wconf 83' lang='lat' dir='ltr'>in</span> 
     </span>
     <span class='ocr_line' id='line_1_17' title="bbox 207 1125 1795 1194; baseline 0.001 -23"><span class='ocrx_word' id='word_1_157' title='bbox 207 1125 562 1188; x_wconf 59' lang='lat' dir='ltr'>spectaculo-licet</span> <span class='ocrx_word' id='word_1_158' title='bbox 570 1142 711 1175; x_wconf 85' lang='lat' dir='ltr'>autem</span> <span class='ocrx_word' id='word_1_159' title='bbox 719 1127 889 1194; x_wconf 77' lang='lat' dir='ltr'>lingulis</span> <span class='ocrx_word' id='word_1_160' title='bbox 898 1142 1101 1192; x_wconf 86' lang='lat' dir='ltr'>quaterna</span> <span class='ocrx_word' id='word_1_161' title='bbox 1110 1129 1375 1194; x_wconf 60' lang='lat' dir='ltr'>incurrererqa</span> <span class='ocrx_word' id='word_1_162' title='bbox 1385 1141 1601 1191; x_wconf 74' lang='lat' dir='ltr'>quaterna.</span> <span class='ocrx_word' id='word_1_163' title='bbox 1611 1127 1739 1175; x_wconf 78' lang='lat' dir='ltr'>hastae</span> <span class='ocrx_word' id='word_1_164' title='bbox 1749 1126 1795 1173; x_wconf 83' lang='lat' dir='ltr'>fe-</span> 
     </span>
     <span class='ocr_line' id='line_1_18' title="bbox 206 1187 1795 1256; baseline 0 -21"><span class='ocrx_word' id='word_1_165' title='bbox 206 1200 390 1236; x_wconf 58' lang='lat' dir='ltr'>runtur-&#39;a</span> <span class='ocrx_word' id='word_1_166' title='bbox 401 1187 670 1254; x_wconf 57' lang='lat' dir='ltr'>lingulisatcp</span> <span class='ocrx_word' id='word_1_167' title='bbox 680 1208 722 1256; x_wconf 66' lang='lat' dir='ltr'>q,</span> <span class='ocrx_word' id='word_1_168' title='bbox 730 1192 774 1237; x_wconf 90' lang='lat' dir='ltr'>in</span> <span class='ocrx_word' id='word_1_169' title='bbox 785 1208 838 1237; x_wconf 92' lang='lat' dir='ltr'>eo</span> <span class='ocrx_word' id='word_1_170' title='bbox 848 1206 1027 1237; x_wconf 89' lang='lat' dir='ltr'>numero</span> <span class='ocrx_word' id='word_1_171' title='bbox 1038 1192 1177 1236; x_wconf 87' lang='lat' dir='ltr'>omnis</span> <span class='ocrx_word' id='word_1_172' title='bbox 1187 1192 1254 1238; x_wconf 85' lang='lat' dir='ltr'>uis</span> <span class='ocrx_word' id='word_1_173' title='bbox 1270 1196 1313 1237; x_wconf 72' lang='grc' dir='ltr'>δι</span> <span class='ocrx_word' id='word_1_174' title='bbox 1321 1191 1423 1252; x_wconf 87' lang='lat' dir='ltr'>equi</span> <span class='ocrx_word' id='word_1_175' title='bbox 1433 1195 1478 1235; x_wconf 73' lang='grc' dir='ltr'>δε</span> <span class='ocrx_word' id='word_1_176' title='bbox 1487 1190 1795 1253; x_wconf 83' lang='lat' dir='ltr'>equitis-expeti</span> 
     </span>
     <span class='ocr_line' id='line_1_19' title="bbox 207 1250 1797 1318; baseline -0.001 -20"><span class='ocrx_word' id='word_1_177' title='bbox 207 1251 408 1315; x_wconf 81' lang='lat' dir='ltr'>tur.Neq3</span> <span class='ocrx_word' id='word_1_178' title='bbox 417 1251 574 1317; x_wconf 76' lang='lat' dir='ltr'>lingula</span> <span class='ocrx_word' id='word_1_179' title='bbox 584 1255 700 1316; x_wconf 81' lang='lat' dir='ltr'>paria</span> <span class='ocrx_word' id='word_1_180' title='bbox 711 1255 958 1300; x_wconf 83' lang='lat' dir='ltr'>certantium</span> <span class='ocrx_word' id='word_1_181' title='bbox 971 1254 1014 1298; x_wconf 89' lang='lat' dir='ltr'>in</span> <span class='ocrx_word' id='word_1_182' title='bbox 1024 1251 1192 1317; x_wconf 79' lang='lat' dir='ltr'>lingulis</span> <span class='ocrx_word' id='word_1_183' title='bbox 1201 1250 1529 1315; x_wconf 65' lang='lat' dir='ltr'>spestaculiszsed</span> <span class='ocrx_word' id='word_1_184' title='bbox 1540 1251 1741 1315; x_wconf 81' lang='lat' dir='ltr'>deinceps</span> <span class='ocrx_word' id='word_1_185' title='bbox 1761 1255 1797 1318; x_wconf 65' lang='grc' dir='ltr'>ξ</span> 
     </span>
     <span class='ocr_line' id='line_1_20' title="bbox 205 1309 1798 1390; baseline 0 -31"><span class='ocrx_word' id='word_1_186' title='bbox 205 1311 390 1376; x_wconf 87' lang='lat' dir='ltr'>plurima</span> <span class='ocrx_word' id='word_1_187' title='bbox 400 1315 837 1362; x_wconf 71' lang='lat' dir='ltr'>numerantunaccidit</span> <span class='ocrx_word' id='word_1_188' title='bbox 847 1316 946 1390; x_wconf 53' lang='lat' dir='ltr'>itaffi</span> <span class='ocrx_word' id='word_1_189' title='bbox 956 1317 1000 1361; x_wconf 90' lang='lat' dir='ltr'>in</span> <span class='ocrx_word' id='word_1_190' title='bbox 1010 1332 1063 1360; x_wconf 94' lang='lat' dir='ltr'>eo</span> <span class='ocrx_word' id='word_1_191' title='bbox 1074 1311 1279 1364; x_wconf 69' lang='lat' dir='ltr'>conflictu</span> <span class='ocrx_word' id='word_1_192' title='bbox 1289 1313 1498 1361; x_wconf 84' lang='lat' dir='ltr'>hastarum</span> <span class='ocrx_word' id='word_1_193' title='bbox 1508 1309 1709 1361; x_wconf 67' lang='lat' dir='ltr'>coflactio</span> <span class='ocrx_word' id='word_1_194' title='bbox 1718 1328 1798 1361; x_wconf 79' lang='lat' dir='ltr'>aut.</span> 
     </span>
     <span class='ocr_line' id='line_1_21' title="bbox 207 1375 1797 1440; baseline 0.001 -19"><span class='ocrx_word' id='word_1_195' title='bbox 207 1382 400 1423; x_wconf 86' lang='lat' dir='ltr'>omnium</span> <span class='ocrx_word' id='word_1_196' title='bbox 411 1391 484 1423; x_wconf 85' lang='lat' dir='ltr'>aut</span> <span class='ocrx_word' id='word_1_197' title='bbox 493 1376 844 1439; x_wconf 65' lang='lat' dir='ltr'>plurium0uerum</span> <span class='ocrx_word' id='word_1_198' title='bbox 856 1393 932 1440; x_wconf 76' lang='lat' dir='ltr'>qur</span> <span class='ocrx_word' id='word_1_199' title='bbox 943 1391 1092 1422; x_wconf 87' lang='lat' dir='ltr'>omnes</span> <span class='ocrx_word' id='word_1_200' title='bbox 1101 1392 1172 1421; x_wconf 85' lang='lat' dir='ltr'>eas</span> <span class='ocrx_word' id='word_1_201' title='bbox 1182 1376 1308 1440; x_wconf 66' lang='lat' dir='ltr'>frigit</span> <span class='ocrx_word' id='word_1_202' title='bbox 1315 1375 1520 1423; x_wconf 71' lang='lat' dir='ltr'>feriendoz</span> <span class='ocrx_word' id='word_1_203' title='bbox 1528 1376 1566 1421; x_wconf 90' lang='lat' dir='ltr'>is</span> <span class='ocrx_word' id='word_1_204' title='bbox 1575 1377 1797 1437; x_wconf 76' lang='lat' dir='ltr'>praemiare</span> 
     </span>
     <span class='ocr_line' id='line_1_22' title="bbox 207 1434 1796 1502; baseline 0.001 -19"><span class='ocrx_word' id='word_1_205' title='bbox 207 1437 348 1485; x_wconf 84' lang='lat' dir='ltr'>fert.ni</span> <span class='ocrx_word' id='word_1_206' title='bbox 363 1437 579 1502; x_wconf 72' lang='lat' dir='ltr'>fueritzqui</span> <span class='ocrx_word' id='word_1_207' title='bbox 588 1439 721 1485; x_wconf 83' lang='lat' dir='ltr'>hostis</span> <span class='ocrx_word' id='word_1_208' title='bbox 732 1435 923 1485; x_wconf 78' lang='lat' dir='ltr'>cassidem</span> <span class='ocrx_word' id='word_1_209' title='bbox 932 1438 1055 1500; x_wconf 67' lang='lat' dir='ltr'>eiuscp</span> <span class='ocrx_word' id='word_1_210' title='bbox 1064 1435 1245 1485; x_wconf 82' lang='lat' dir='ltr'>frontem</span> <span class='ocrx_word' id='word_1_211' title='bbox 1257 1437 1429 1484; x_wconf 67' lang='lat' dir='ltr'>feriatxis</span> <span class='ocrx_word' id='word_1_212' title='bbox 1438 1437 1550 1482; x_wconf 87' lang='lat' dir='ltr'>enim</span> <span class='ocrx_word' id='word_1_213' title='bbox 1570 1434 1796 1498; x_wconf 66' lang='lat' dir='ltr'>praefertur:-</span> 
     </span>
     <span class='ocr_line' id='line_1_23' title="bbox 208 1497 1798 1564; baseline 0 -18"><span class='ocrx_word' id='word_1_214' title='bbox 208 1499 436 1547; x_wconf 67' lang='lat' dir='ltr'>ciiestiszubi</span> <span class='ocrx_word' id='word_1_215' title='bbox 443 1518 570 1547; x_wconf 90' lang='lat' dir='ltr'>nemo</span> <span class='ocrx_word' id='word_1_216' title='bbox 580 1500 743 1548; x_wconf 87' lang='lat' dir='ltr'>hostem</span> <span class='ocrx_word' id='word_1_217' title='bbox 757 1499 811 1547; x_wconf 88' lang='lat' dir='ltr'>ab</span> <span class='ocrx_word' id='word_1_218' title='bbox 821 1516 937 1564; x_wconf 89' lang='lat' dir='ltr'>equo</span> <span class='ocrx_word' id='word_1_219' title='bbox 946 1499 1135 1546; x_wconf 85' lang='lat' dir='ltr'>feriendo</span> <span class='ocrx_word' id='word_1_220' title='bbox 1145 1499 1359 1548; x_wconf 85' lang='lat' dir='ltr'>detruserit</span> <span class='ocrx_word' id='word_1_221' title='bbox 1376 1497 1494 1544; x_wconf 88' lang='lat' dir='ltr'>Nam</span> <span class='ocrx_word' id='word_1_222' title='bbox 1507 1498 1579 1545; x_wconf 85' lang='lat' dir='ltr'>hic</span> <span class='ocrx_word' id='word_1_223' title='bbox 1589 1511 1687 1545; x_wconf 87' lang='lat' dir='ltr'>ante</span> <span class='ocrx_word' id='word_1_224' title='bbox 1698 1514 1798 1546; x_wconf 59' lang='lat' dir='ltr'>orna</span> 
     </span>
     <span class='ocr_line' id='line_1_24' title="bbox 208 1560 1792 1627; baseline 0 -20"><span class='ocrx_word' id='word_1_225' title='bbox 208 1574 285 1608; x_wconf 85' lang='lat' dir='ltr'>nes</span> <span class='ocrx_word' id='word_1_226' title='bbox 296 1563 449 1627; x_wconf 86' lang='lat' dir='ltr'>dignus</span> <span class='ocrx_word' id='word_1_227' title='bbox 459 1561 632 1610; x_wconf 86' lang='lat' dir='ltr'>habitus</span> <span class='ocrx_word' id='word_1_228' title='bbox 642 1562 867 1609; x_wconf 84' lang='lat' dir='ltr'>est.accidit</span> <span class='ocrx_word' id='word_1_229' title='bbox 875 1563 990 1609; x_wconf 82' lang='lat' dir='ltr'>casus</span> <span class='ocrx_word' id='word_1_230' title='bbox 999 1578 1015 1608; x_wconf 73' lang='lat'>2</span> <span class='ocrx_word' id='word_1_231' title='bbox 1022 1561 1176 1607; x_wconf 83' lang='lat' dir='ltr'>accidit</span> <span class='ocrx_word' id='word_1_232' title='bbox 1185 1560 1421 1608; x_wconf 73' lang='lat' dir='ltr'>confractio</span> <span class='ocrx_word' id='word_1_233' title='bbox 1441 1574 1516 1606; x_wconf 88' lang='lat' dir='ltr'>aut</span> <span class='ocrx_word' id='word_1_234' title='bbox 1532 1560 1697 1607; x_wconf 84' lang='lat' dir='ltr'>brachii</span> <span class='ocrx_word' id='word_1_235' title='bbox 1713 1574 1792 1607; x_wconf 85' lang='lat' dir='ltr'>aut</span> 
     </span>
     <span class='ocr_line' id='line_1_25' title="bbox 209 1621 1796 1687; baseline 0.001 -18"><span class='ocrx_word' id='word_1_236' title='bbox 209 1624 327 1670; x_wconf 73' lang='lat' dir='ltr'>tibia:</span> <span class='ocrx_word' id='word_1_237' title='bbox 335 1639 409 1671; x_wconf 87' lang='lat' dir='ltr'>aut</span> <span class='ocrx_word' id='word_1_238' title='bbox 419 1624 800 1687; x_wconf 85' lang='lat' dir='ltr'>carpitis.accidunt</span> <span class='ocrx_word' id='word_1_239' title='bbox 808 1623 984 1671; x_wconf 88' lang='lat' dir='ltr'>uulnera</span> <span class='ocrx_word' id='word_1_240' title='bbox 995 1622 1241 1669; x_wconf 86' lang='lat' dir='ltr'>obsurculos</span> <span class='ocrx_word' id='word_1_241' title='bbox 1260 1622 1387 1669; x_wconf 82' lang='lat' dir='ltr'>frusta</span> <span class='ocrx_word' id='word_1_242' title='bbox 1438 1621 1664 1669; x_wconf 67' lang='lat' dir='ltr'>fractarum</span> <span class='ocrx_word' id='word_1_243' title='bbox 1677 1623 1796 1670; x_wconf 80' lang='lat' dir='ltr'>hasta</span> 
     </span>
     <span class='ocr_line' id='line_1_26' title="bbox 210 1684 1797 1751; baseline -0.001 -18"><span class='ocrx_word' id='word_1_244' title='bbox 210 1701 425 1750; x_wconf 66' lang='lat' dir='ltr'>rumaquae-</span> <span class='ocrx_word' id='word_1_245' title='bbox 429 1703 504 1750; x_wconf 90' lang='lat' dir='ltr'>per</span> <span class='ocrx_word' id='word_1_246' title='bbox 516 1686 682 1733; x_wconf 70' lang='lat' dir='ltr'>comissa</span> <span class='ocrx_word' id='word_1_247' title='bbox 693 1702 806 1733; x_wconf 86' lang='lat' dir='ltr'>arma</span> <span class='ocrx_word' id='word_1_248' title='bbox 818 1686 1050 1751; x_wconf 80' lang='lat' dir='ltr'>infiguntur</span> <span class='ocrx_word' id='word_1_249' title='bbox 1058 1684 1113 1730; x_wconf 90' lang='lat' dir='ltr'>ab</span> <span class='ocrx_word' id='word_1_250' title='bbox 1125 1685 1392 1748; x_wconf 77' lang='lat' dir='ltr'>impetu.acci</span> <span class='ocrx_word' id='word_1_251' title='bbox 1422 1685 1456 1730; x_wconf 89' lang='lat' dir='ltr'>it</span> <span class='ocrx_word' id='word_1_252' title='bbox 1473 1685 1655 1733; x_wconf 86' lang='lat' dir='ltr'>iterdum</span> <span class='ocrx_word' id='word_1_253' title='bbox 1667 1687 1797 1732; x_wconf 88' lang='lat' dir='ltr'>etiam</span> 
     </span>
     <span class='ocr_line' id='line_1_27' title="bbox 209 1746 1798 1816; baseline -0.001 -22"><span class='ocrx_word' id='word_1_254' title='bbox 209 1765 328 1794; x_wconf 87' lang='lat' dir='ltr'>mors</span> <span class='ocrx_word' id='word_1_255' title='bbox 338 1763 424 1794; x_wconf 89' lang='lat' dir='ltr'>tam</span> <span class='ocrx_word' id='word_1_256' title='bbox 435 1765 459 1795; x_wconf 92' lang='lat' dir='ltr'>a</span> <span class='ocrx_word' id='word_1_257' title='bbox 470 1748 645 1796; x_wconf 89' lang='lat' dir='ltr'>uulnere</span> <span class='ocrx_word' id='word_1_258' title='bbox 653 1754 686 1816; x_wconf 57' lang='grc' dir='ltr'>ᾗ</span> <span class='ocrx_word' id='word_1_259' title='bbox 696 1765 720 1795; x_wconf 93' lang='lat' dir='ltr'>a</span> <span class='ocrx_word' id='word_1_260' title='bbox 740 1746 1074 1795; x_wconf 75' lang='lat' dir='ltr'>casu.Praemium</span> <span class='ocrx_word' id='word_1_261' title='bbox 1083 1763 1188 1793; x_wconf 85' lang='lat' dir='ltr'>uero</span> <span class='ocrx_word' id='word_1_262' title='bbox 1199 1746 1430 1810; x_wconf 85' lang='lat' dir='ltr'>aliquando</span> <span class='ocrx_word' id='word_1_263' title='bbox 1439 1746 1523 1792; x_wconf 84' lang='lat' dir='ltr'>tela</span> <span class='ocrx_word' id='word_1_264' title='bbox 1533 1747 1655 1794; x_wconf 86' lang='lat' dir='ltr'>serica</span> <span class='ocrx_word' id='word_1_265' title='bbox 1665 1747 1798 1795; x_wconf 69' lang='lat' dir='ltr'>estxali</span> 
     </span>
     <span class='ocr_line' id='line_1_28' title="bbox 209 1805 1797 1875; baseline 0 -19"><span class='ocrx_word' id='word_1_266' title='bbox 209 1812 386 1873; x_wconf 88' lang='lat' dir='ltr'>quando</span> <span class='ocrx_word' id='word_1_267' title='bbox 393 1811 808 1875; x_wconf 72' lang='lat' dir='ltr'>pannuszaliquando</span> <span class='ocrx_word' id='word_1_268' title='bbox 818 1809 999 1858; x_wconf 88' lang='lat' dir='ltr'>annulus</span> <span class='ocrx_word' id='word_1_269' title='bbox 1009 1809 1292 1870; x_wconf 58' lang='lat' dir='ltr'>aureusNecp</span> <span class='ocrx_word' id='word_1_270' title='bbox 1302 1809 1346 1855; x_wconf 90' lang='lat' dir='ltr'>in</span> <span class='ocrx_word' id='word_1_271' title='bbox 1356 1805 1605 1857; x_wconf 68' lang='lat' dir='ltr'>conflictum</span> <span class='ocrx_word' id='word_1_272' title='bbox 1617 1810 1704 1856; x_wconf 65' lang='lat' dir='ltr'>buc</span> <span class='ocrx_word' id='word_1_273' title='bbox 1715 1810 1797 1863; x_wconf 87' lang='lat' dir='ltr'>No</span> 
     </span>
     <span class='ocr_line' id='line_1_29' title="bbox 207 1871 1799 1936; baseline -0.001 -17"><span class='ocrx_word' id='word_1_274' title='bbox 207 1872 356 1919; x_wconf 86' lang='lat' dir='ltr'>lanum</span> <span class='ocrx_word' id='word_1_275' title='bbox 365 1872 520 1919; x_wconf 85' lang='lat' dir='ltr'>milites</span> <span class='ocrx_word' id='word_1_276' title='bbox 531 1873 857 1920; x_wconf 69' lang='lat' dir='ltr'>discenduntzsed</span> <span class='ocrx_word' id='word_1_277' title='bbox 872 1874 1061 1919; x_wconf 69' lang='lat' dir='ltr'>iuuenesr</span> <span class='ocrx_word' id='word_1_278' title='bbox 1095 1874 1138 1917; x_wconf 93' lang='lat' dir='ltr'>ui</span> <span class='ocrx_word' id='word_1_279' title='bbox 1147 1871 1369 1918; x_wconf 83' lang='lat' dir='ltr'>militarem</span> <span class='ocrx_word' id='word_1_280' title='bbox 1381 1885 1512 1918; x_wconf 87' lang='lat' dir='ltr'>artem</span> <span class='ocrx_word' id='word_1_281' title='bbox 1520 1872 1626 1919; x_wconf 87' lang='lat' dir='ltr'>inire</span> <span class='ocrx_word' id='word_1_282' title='bbox 1646 1872 1799 1936; x_wconf 70' lang='lat' dir='ltr'>cupifit</span> 
     </span>
     <span class='ocr_line' id='line_1_30' title="bbox 207 1887 1799 1998; baseline 0 -19"><span class='ocrx_word' id='word_1_283' title='bbox 207 1934 683 1998; x_wconf 62' lang='lat' dir='ltr'>paranturcpappellant</span> <span class='ocrx_word' id='word_1_284' title='bbox 692 1949 833 1982; x_wconf 87' lang='lat' dir='ltr'>autem</span> <span class='ocrx_word' id='word_1_285' title='bbox 845 1935 961 1981; x_wconf 85' lang='lat' dir='ltr'>bunc</span> <span class='ocrx_word' id='word_1_286' title='bbox 971 1887 1221 1981; x_wconf 38' lang='lat' dir='ltr'>mulii-stum</span> <span class='ocrx_word' id='word_1_287' title='bbox 1230 1933 1428 1998; x_wconf 84' lang='lat' dir='ltr'>giostram</span> <span class='ocrx_word' id='word_1_288' title='bbox 1439 1933 1640 1995; x_wconf 80' lang='lat' dir='ltr'>debentes</span> <span class='ocrx_word' id='word_1_289' title='bbox 1657 1934 1799 1981; x_wconf 81' lang='lat' dir='ltr'>dicere</span> 
     </span>
     <span class='ocr_line' id='line_1_31' title="bbox 209 1996 1798 2063; baseline 0 -21"><span class='ocrx_word' id='word_1_290' title='bbox 209 1996 584 2060; x_wconf 81' lang='lat' dir='ltr'>clostram.quippe</span> <span class='ocrx_word' id='word_1_291' title='bbox 595 2015 636 2063; x_wconf 71' lang='lat' dir='ltr'>q,</span> <span class='ocrx_word' id='word_1_292' title='bbox 644 1999 687 2043; x_wconf 91' lang='lat' dir='ltr'>in</span> <span class='ocrx_word' id='word_1_293' title='bbox 698 1998 799 2043; x_wconf 91' lang='lat' dir='ltr'>loco</span> <span class='ocrx_word' id='word_1_294' title='bbox 810 1996 943 2044; x_wconf 90' lang='lat' dir='ltr'>ueluti</span> <span class='ocrx_word' id='word_1_295' title='bbox 953 1996 1092 2043; x_wconf 89' lang='lat' dir='ltr'>clauso</span> <span class='ocrx_word' id='word_1_296' title='bbox 1102 1996 1145 2041; x_wconf 88' lang='lat' dir='ltr'>id</span> <span class='ocrx_word' id='word_1_297' title='bbox 1155 2011 1290 2061; x_wconf 87' lang='lat' dir='ltr'>genus</span> <span class='ocrx_word' id='word_1_298' title='bbox 1303 1997 1548 2043; x_wconf 81' lang='lat' dir='ltr'>certaminis</span> <span class='ocrx_word' id='word_1_299' title='bbox 1558 1998 1698 2061; x_wconf 88' lang='lat' dir='ltr'>agitur</span> <span class='ocrx_word' id='word_1_300' title='bbox 1708 2028 1721 2043; x_wconf 83' lang='lat'><strong>.</strong></span> <span class='ocrx_word' id='word_1_301' title='bbox 1732 1996 1798 2043; x_wconf 77' lang='lat' dir='ltr'>Ex</span> 
     </span>
     <span class='ocr_line' id='line_1_32' title="bbox 210 2058 1794 2123; baseline -0.001 -18"><span class='ocrx_word' id='word_1_302' title='bbox 210 2058 479 2123; x_wconf 85' lang='lat' dir='ltr'>quibuslicet</span> <span class='ocrx_word' id='word_1_303' title='bbox 487 2059 630 2105; x_wconf 87' lang='lat' dir='ltr'>uidere</span> <span class='ocrx_word' id='word_1_304' title='bbox 640 2058 774 2105; x_wconf 89' lang='lat' dir='ltr'>ueluti</span> <span class='ocrx_word' id='word_1_305' title='bbox 787 2059 983 2122; x_wconf 84' lang='lat' dir='ltr'>quasdam</span> <span class='ocrx_word' id='word_1_306' title='bbox 995 2058 1168 2104; x_wconf 86' lang='lat' dir='ltr'>umbras</span> <span class='ocrx_word' id='word_1_307' title='bbox 1178 2059 1445 2121; x_wconf 85' lang='lat' dir='ltr'>antiquarum</span> <span class='ocrx_word' id='word_1_308' title='bbox 1467 2058 1794 2112; x_wconf 64' lang='lat' dir='ltr'>institutionumz</span> 
     </span>
     <span class='ocr_line' id='line_1_33' title="bbox 211 2119 1794 2185; baseline 0.001 -18"><span class='ocrx_word' id='word_1_309' title='bbox 211 2119 371 2185; x_wconf 88' lang='lat' dir='ltr'>quibus</span> <span class='ocrx_word' id='word_1_310' title='bbox 383 2121 575 2184; x_wconf 88' lang='lat' dir='ltr'>populus</span> <span class='ocrx_word' id='word_1_311' title='bbox 584 2119 877 2168; x_wconf 63' lang='lat' dir='ltr'>oblectabatur</span> <span class='ocrx_word' id='word_1_312' title='bbox 887 2125 930 2166; x_wconf 71' lang='lat' dir='ltr'>&amp;l</span> <span class='ocrx_word' id='word_1_313' title='bbox 940 2119 1120 2166; x_wconf 87' lang='lat' dir='ltr'>discebat</span> <span class='ocrx_word' id='word_1_314' title='bbox 1127 2121 1171 2166; x_wconf 89' lang='lat' dir='ltr'>in</span> <span class='ocrx_word' id='word_1_315' title='bbox 1182 2136 1250 2166; x_wconf 89' lang='lat' dir='ltr'>am</span> <span class='ocrx_word' id='word_1_316' title='bbox 1283 2121 1504 2167; x_wconf 83' lang='lat' dir='ltr'>hitheatris</span> <span class='ocrx_word' id='word_1_317' title='bbox 1514 2153 1529 2169; x_wconf 86' lang='lat'><strong>.</strong></span> <span class='ocrx_word' id='word_1_318' title='bbox 1538 2134 1621 2185; x_wconf 79' lang='lat' dir='ltr'>atq3</span> <span class='ocrx_word' id='word_1_319' title='bbox 1631 2119 1794 2184; x_wconf 77' lang='lat' dir='ltr'>quibus</span> 
     </span>
     <span class='ocr_line' id='line_1_34' title="bbox 213 2182 1796 2248; baseline -0.001 -19"><span class='ocrx_word' id='word_1_320' title='bbox 213 2189 390 2230; x_wconf 79' lang='lat' dir='ltr'>iuuenes</span> <span class='ocrx_word' id='word_1_321' title='bbox 400 2184 454 2229; x_wconf 91' lang='lat' dir='ltr'>ad</span> <span class='ocrx_word' id='word_1_322' title='bbox 463 2184 677 2248; x_wconf 86' lang='lat' dir='ltr'>ingenium</span> <span class='ocrx_word' id='word_1_323' title='bbox 689 2183 906 2247; x_wconf 87' lang='lat' dir='ltr'>pugnandi</span> <span class='ocrx_word' id='word_1_324' title='bbox 915 2182 1224 2229; x_wconf 82' lang='lat' dir='ltr'>erudiebantur.</span> <span class='ocrx_word' id='word_1_325' title='bbox 1276 2197 1387 2246; x_wconf 51' lang='grc' dir='ltr'>επις</span> <span class='ocrx_word' id='word_1_326' title='bbox 1405 2182 1506 2230; x_wconf 83' lang='lat' dir='ltr'>licut</span> <span class='ocrx_word' id='word_1_327' title='bbox 1515 2185 1558 2229; x_wconf 88' lang='lat' dir='ltr'>in</span> <span class='ocrx_word' id='word_1_328' title='bbox 1568 2182 1720 2230; x_wconf 80' lang='lat' dir='ltr'>scholis</span> <span class='ocrx_word' id='word_1_329' title='bbox 1727 2183 1796 2246; x_wconf 84' lang='lat' dir='ltr'>pri</span> 
     </span>
     <span class='ocr_line' id='line_1_35' title="bbox 214 2243 1798 2293; baseline -0.001 -1"><span class='ocrx_word' id='word_1_330' title='bbox 214 2262 332 2292; x_wconf 87' lang='lat' dir='ltr'>mum</span> <span class='ocrx_word' id='word_1_331' title='bbox 345 2246 624 2293; x_wconf 86' lang='lat' dir='ltr'>adolescentes</span> <span class='ocrx_word' id='word_1_332' title='bbox 637 2245 912 2292; x_wconf 88' lang='lat' dir='ltr'>declamando</span> <span class='ocrx_word' id='word_1_333' title='bbox 922 2244 1129 2293; x_wconf 85' lang='lat' dir='ltr'>docentur</span> <span class='ocrx_word' id='word_1_334' title='bbox 1140 2258 1322 2292; x_wconf 68' lang='lat' dir='ltr'>orarezut</span> <span class='ocrx_word' id='word_1_335' title='bbox 1337 2246 1381 2291; x_wconf 91' lang='lat' dir='ltr'>in</span> <span class='ocrx_word' id='word_1_336' title='bbox 1401 2243 1498 2293; x_wconf 89' lang='lat' dir='ltr'>foro</span> <span class='ocrx_word' id='word_1_337' title='bbox 1517 2246 1722 2292; x_wconf 88' lang='lat' dir='ltr'>concione</span> <span class='ocrx_word' id='word_1_338' title='bbox 1741 2261 1798 2293; x_wconf 88' lang='lat' dir='ltr'>ue</span> 
     </span>
     <span class='ocr_line' id='line_1_36' title="bbox 215 2306 1797 2372; baseline 0 -18"><span class='ocrx_word' id='word_1_339' title='bbox 215 2307 406 2371; x_wconf 85' lang='lat' dir='ltr'>apposite</span> <span class='ocrx_word' id='word_1_340' title='bbox 416 2309 596 2355; x_wconf 90' lang='lat' dir='ltr'>dicendo</span> <span class='ocrx_word' id='word_1_341' title='bbox 606 2308 772 2356; x_wconf 91' lang='lat' dir='ltr'>suadere</span> <span class='ocrx_word' id='word_1_342' title='bbox 781 2306 1049 2355; x_wconf 86' lang='lat' dir='ltr'>ualerent.1ta</span> <span class='ocrx_word' id='word_1_343' title='bbox 1058 2308 1103 2353; x_wconf 91' lang='lat' dir='ltr'>in</span> <span class='ocrx_word' id='word_1_344' title='bbox 1112 2307 1357 2372; x_wconf 59' lang='lat' dir='ltr'>spectaculis</span> <span class='ocrx_word' id='word_1_345' title='bbox 1365 2309 1541 2354; x_wconf 84' lang='lat' dir='ltr'>iuuenes</span> <span class='ocrx_word' id='word_1_346' title='bbox 1551 2312 1595 2354; x_wconf 73' lang='grc' dir='ltr'>δι</span> <span class='ocrx_word' id='word_1_347' title='bbox 1603 2322 1742 2371; x_wconf 83' lang='lat' dir='ltr'>equos</span> <span class='ocrx_word' id='word_1_348' title='bbox 1751 2310 1797 2354; x_wconf 68' lang='grc' dir='ltr'>δι’</span> 
     </span>
     <span class='ocr_line' id='line_1_37' title="bbox 217 2368 1796 2436; baseline 0 -20"><span class='ocrx_word' id='word_1_349' title='bbox 217 2371 337 2416; x_wconf 68' lang='lat' dir='ltr'>hasta</span> <span class='ocrx_word' id='word_1_350' title='bbox 347 2387 489 2436; x_wconf 87' lang='lat' dir='ltr'>regere</span> <span class='ocrx_word' id='word_1_351' title='bbox 500 2384 584 2435; x_wconf 82' lang='lat' dir='ltr'>atq3</span> <span class='ocrx_word' id='word_1_352' title='bbox 594 2386 707 2416; x_wconf 88' lang='lat' dir='ltr'>arma</span> <span class='ocrx_word' id='word_1_353' title='bbox 717 2368 895 2417; x_wconf 88' lang='lat' dir='ltr'>tolerare</span> <span class='ocrx_word' id='word_1_354' title='bbox 905 2384 954 2417; x_wconf 93' lang='lat' dir='ltr'>ut</span> <span class='ocrx_word' id='word_1_355' title='bbox 969 2369 1100 2417; x_wconf 72' lang='lat' dir='ltr'>discfit</span> <span class='ocrx_word' id='word_1_356' title='bbox 1109 2371 1168 2416; x_wconf 89' lang='lat' dir='ltr'>ita</span> <span class='ocrx_word' id='word_1_357' title='bbox 1177 2369 1443 2417; x_wconf 71' lang='lat' dir='ltr'>ass&#39;uefcu&#39;tt-ne</span> <span class='ocrx_word' id='word_1_358' title='bbox 1450 2370 1494 2416; x_wconf 88' lang='lat' dir='ltr'>in</span> <span class='ocrx_word' id='word_1_359' title='bbox 1511 2385 1656 2435; x_wconf 85' lang='lat' dir='ltr'>pugna</span> <span class='ocrx_word' id='word_1_360' title='bbox 1674 2371 1796 2418; x_wconf 87' lang='lat' dir='ltr'>uerio</span> 
     </span>
     <span class='ocr_line' id='line_1_38' title="bbox 218 2431 1800 2496; baseline 0 -17"><span class='ocrx_word' id='word_1_361' title='bbox 218 2447 265 2479; x_wconf 88' lang='lat' dir='ltr'>re</span> <span class='ocrx_word' id='word_1_362' title='bbox 273 2432 328 2479; x_wconf 89' lang='lat' dir='ltr'>ab</span> <span class='ocrx_word' id='word_1_363' title='bbox 338 2434 572 2496; x_wconf 87' lang='lat' dir='ltr'>ignorantia</span> <span class='ocrx_word' id='word_1_364' title='bbox 582 2439 623 2479; x_wconf 76' lang='grc' dir='ltr'>δι</span> <span class='ocrx_word' id='word_1_365' title='bbox 635 2435 824 2480; x_wconf 86' lang='lat' dir='ltr'>nouitate</span> <span class='ocrx_word' id='word_1_366' title='bbox 832 2431 935 2479; x_wconf 71' lang='lat' dir='ltr'>facti</span> <span class='ocrx_word' id='word_1_367' title='bbox 953 2433 1184 2480; x_wconf 68' lang='lat' dir='ltr'>tardaretur</span> <span class='ocrx_word' id='word_1_368' title='bbox 1193 2464 1206 2479; x_wconf 88' lang='lat'><strong>.</strong></span> <span class='ocrx_word' id='word_1_369' title='bbox 1215 2431 1603 2480; x_wconf 86' lang='lat' dir='ltr'>Verumenimuero</span> <span class='ocrx_word' id='word_1_370' title='bbox 1610 2447 1708 2479; x_wconf 86' lang='lat' dir='ltr'>mos</span> <span class='ocrx_word' id='word_1_371' title='bbox 1725 2433 1800 2479; x_wconf 84' lang='lat' dir='ltr'>hic</span> 
     </span>
     <span class='ocr_line' id='line_1_39' title="bbox 218 2494 1798 2561; baseline -0.001 -19"><span class='ocrx_word' id='word_1_372' title='bbox 218 2494 305 2559; x_wconf 82' lang='lat' dir='ltr'>uiq3</span> <span class='ocrx_word' id='word_1_373' title='bbox 316 2498 369 2541; x_wconf 89' lang='lat' dir='ltr'>ad</span> <span class='ocrx_word' id='word_1_374' title='bbox 380 2495 516 2543; x_wconf 87' lang='lat' dir='ltr'>nostra</span> <span class='ocrx_word' id='word_1_375' title='bbox 526 2496 675 2559; x_wconf 65' lang='lat' dir='ltr'>tepora</span> <span class='ocrx_word' id='word_1_376' title='bbox 685 2494 910 2544; x_wconf 72' lang='lat' dir='ltr'>seruatuszfi</span> <span class='ocrx_word' id='word_1_377' title='bbox 917 2511 1004 2542; x_wconf 89' lang='lat' dir='ltr'>non</span> <span class='ocrx_word' id='word_1_378' title='bbox 1014 2511 1092 2559; x_wconf 83' lang='lat' dir='ltr'>per</span> <span class='ocrx_word' id='word_1_379' title='bbox 1099 2495 1138 2542; x_wconf 91' lang='lat' dir='ltr'>se</span> <span class='ocrx_word' id='word_1_380' title='bbox 1145 2495 1553 2561; x_wconf 71' lang='lat' dir='ltr'>degenerauitrcaepit</span> <span class='ocrx_word' id='word_1_381' title='bbox 1561 2507 1701 2555; x_wconf 74' lang='lat' dir='ltr'>tamen</span> <span class='ocrx_word' id='word_1_382' title='bbox 1720 2509 1798 2542; x_wconf 86' lang='lat' dir='ltr'>cot</span> 
     </span>
     <span class='ocr_line' id='line_1_40' title="bbox 216 2557 1794 2622; baseline 0 -18"><span class='ocrx_word' id='word_1_383' title='bbox 216 2558 316 2620; x_wconf 70' lang='lat' dir='ltr'>rupi</span> <span class='ocrx_word' id='word_1_384' title='bbox 327 2573 351 2604; x_wconf 88' lang='lat' dir='ltr'>a</span> <span class='ocrx_word' id='word_1_385' title='bbox 362 2574 480 2604; x_wconf 91' lang='lat' dir='ltr'>more</span> <span class='ocrx_word' id='word_1_386' title='bbox 486 2558 665 2622; x_wconf 71' lang='lat' dir='ltr'>alioxqui</span> <span class='ocrx_word' id='word_1_387' title='bbox 674 2574 810 2622; x_wconf 83' lang='lat' dir='ltr'>nuper</span> <span class='ocrx_word' id='word_1_388' title='bbox 817 2557 980 2605; x_wconf 64' lang='lat' dir='ltr'>{ltalia</span> <span class='ocrx_word' id='word_1_389' title='bbox 997 2557 1140 2606; x_wconf 89' lang='lat' dir='ltr'>furtim</span> <span class='ocrx_word' id='word_1_390' title='bbox 1147 2558 1319 2606; x_wconf 68' lang='lat' dir='ltr'>{ductus</span> <span class='ocrx_word' id='word_1_391' title='bbox 1331 2559 1381 2604; x_wconf 77' lang='grc' dir='ltr'><strong>εέ</strong></span> <span class='ocrx_word' id='word_1_392' title='bbox 1391 2557 1557 2605; x_wconf 89' lang='lat' dir='ltr'>uidetur</span> <span class='ocrx_word' id='word_1_393' title='bbox 1566 2557 1652 2604; x_wconf 84' lang='lat' dir='ltr'>hoc</span> <span class='ocrx_word' id='word_1_394' title='bbox 1662 2560 1794 2621; x_wconf 69' lang='lat' dir='ltr'>pacto</span> 
     </span>
     <span class='ocr_line' id='line_1_41' title="bbox 216 2615 1794 2669; baseline -0.001 -4"><span class='ocrx_word' id='word_1_395' title='bbox 216 2615 257 2665; x_wconf 74' lang='lat' dir='ltr'>ie</span> <span class='ocrx_word' id='word_1_396' title='bbox 265 2618 493 2667; x_wconf 81' lang='lat' dir='ltr'>habenan</span> <span class='ocrx_word' id='word_1_397' title='bbox 502 2621 610 2668; x_wconf 71' lang='lat' dir='ltr'>eode</span> <span class='ocrx_word' id='word_1_398' title='bbox 620 2622 731 2667; x_wconf 88' lang='lat' dir='ltr'>enim</span> <span class='ocrx_word' id='word_1_399' title='bbox 743 2619 952 2669; x_wconf 88' lang='lat' dir='ltr'>curriculo</span> <span class='ocrx_word' id='word_1_400' title='bbox 960 2618 1076 2669; x_wconf 87' lang='lat' dir='ltr'>funis</span> <span class='ocrx_word' id='word_1_401' title='bbox 1083 2638 1109 2668; x_wconf 88' lang='lat' dir='ltr'>e</span> <span class='ocrx_word' id='word_1_402' title='bbox 1117 2617 1339 2669; x_wconf 70' lang='lat' dir='ltr'>tranlherso</span> <span class='ocrx_word' id='word_1_403' title='bbox 1349 2619 1572 2669; x_wconf 48' lang='lat' dir='ltr'>tenditurra</span> <span class='ocrx_word' id='word_1_404' title='bbox 1580 2620 1706 2668; x_wconf 73' lang='lat' dir='ltr'>&#39;cuius</span> <span class='ocrx_word' id='word_1_405' title='bbox 1724 2635 1794 2664; x_wconf 87' lang='lat' dir='ltr'>me</span> 
     </span>
    </p>
   </div>
   <div class='ocr_carea' id='block_1_2' title="bbox 217 2681 1796 2793">
    <p class='ocr_par' dir='ltr' id='par_1_2' title="bbox 217 2681 1796 2793">
     <span class='ocr_line' id='line_1_42' title="bbox 217 2681 1796 2793; baseline 0.001 -63"><span class='ocrx_word' id='word_1_406' title='bbox 217 2682 296 2731; x_wconf 70' lang='lat' dir='ltr'>dio</span> <span class='ocrx_word' id='word_1_407' title='bbox 301 2682 460 2749; x_wconf 81' lang='lat' dir='ltr'>pendet</span> <span class='ocrx_word' id='word_1_408' title='bbox 468 2681 648 2735; x_wconf 81' lang='lat' dir='ltr'>bacillus</span> <span class='ocrx_word' id='word_1_409' title='bbox 657 2683 811 2735; x_wconf 84' lang='lat' dir='ltr'>ultimo</span> <span class='ocrx_word' id='word_1_410' title='bbox 818 2683 1023 2737; x_wconf 80' lang='lat' dir='ltr'>annulum</span> <span class='ocrx_word' id='word_1_411' title='bbox 1031 2684 1211 2750; x_wconf 75' lang='lat' dir='ltr'>ferreum</span> <span class='ocrx_word' id='word_1_412' title='bbox 1221 2684 1441 2734; x_wconf 80' lang='lat' dir='ltr'>continens</span> <span class='ocrx_word' id='word_1_413' title='bbox 1448 2685 1505 2736; x_wconf 76' lang='grc' dir='ltr'>ιιό</span> <span class='ocrx_word' id='word_1_414' title='bbox 1513 2684 1716 2793; x_wconf 54' lang='grc' dir='ltr'><strong>ωαίοκὲιι</strong></span> <span class='ocrx_word' id='word_1_415' title='bbox 1724 2683 1796 2732; x_wconf 68' lang='lat' dir='ltr'>eoi</span> 
     </span>
    </p>
   </div>
  </div>
 </body>
</html>
